
@article{bimbot_tutorial_2004,
	title = {A {Tutorial} on {Text}-{Independent} {Speaker} {Verification}},
	volume = {2004},
	issn = {1687-6180},
	url = {https://asp-eurasipjournals.springeropen.com/articles/10.1155/S1110865704310024},
	doi = {10.1155/S1110865704310024},
	language = {en},
	number = {4},
	urldate = {2023-01-17},
	journal = {EURASIP Journal on Advances in Signal Processing},
	author = {Bimbot, Frédéric and Bonastre, Jean-François and Fredouille, Corinne and Gravier, Guillaume and Magrin-Chagnolleau, Ivan and Meignier, Sylvain and Merlin, Teva and Ortega-García, Javier and Petrovska-Delacrétaz, Dijana and Reynolds, Douglas A.},
	month = dec,
	year = {2004},
	pages = {22},
}

@incollection{satapathy_svm_2015,
	address = {Cham},
	title = {{SVM} and {HMM} {Modeling} {Techniques} for {Speech} {Recognition} {Using} {LPCC} and {MFCC} {Features}},
	volume = {327},
	isbn = {978-3-319-11932-8 978-3-319-11933-5},
	url = {http://link.springer.com/10.1007/978-3-319-11933-5_58},
	urldate = {2023-01-18},
	booktitle = {Proceedings of the 3rd {International} {Conference} on {Frontiers} of {Intelligent} {Computing}: {Theory} and {Applications} ({FICTA}) 2014},
	publisher = {Springer International Publishing},
	author = {Ananthi, S. and Dhanalakshmi, P.},
	editor = {Satapathy, Suresh Chandra and Biswal, Bhabendra Narayan and Udgata, Siba K. and Mandal, J.K.},
	year = {2015},
	doi = {10.1007/978-3-319-11933-5_58},
	note = {Series Title: Advances in Intelligent Systems and Computing},
	pages = {519--526},
}

@book{institute_of_electrical_and_electronics_engineers_2014_2014,
	address = {Piscataway, NJ},
	title = {2014 {IEEE} {International} {Conference} on {Signal} {Processing}, {Communications} and {Computing} ({ICSPCC} 2014): {Guilin}, {China}, 5 - 8 {August} 2014},
	isbn = {978-1-4799-5274-8 978-1-4799-5275-5},
	shorttitle = {2014 {IEEE} {International} {Conference} on {Signal} {Processing}, {Communications} and {Computing} ({ICSPCC} 2014)},
	language = {eng},
	publisher = {IEEE},
	editor = {Institute of Electrical {and} Electronics Engineers},
	year = {2014},
	keywords = {MFCC, LPC, LPCC, Pre-Processing},
	annote = {Literaturangaben},
	file = {Speaker_recognition_based_on_principal_component_analysis_of_LPCC_and_MFCC.pdf:C\:\\Users\\SCU8BH\\Zotero\\storage\\4ZJ4KIT4\\Speaker_recognition_based_on_principal_component_analysis_of_LPCC_and_MFCC.pdf:application/pdf;Table of Contents PDF:C\:\\Users\\SCU8BH\\Zotero\\storage\\FKZKW2TM\\Institute of Electrical and Electronics Engineers - 2014 - 2014 IEEE International Conference on Signal Proce.pdf:application/pdf},
}

@misc{noauthor_numpyhanning_nodate,
	title = {numpy.hanning — {NumPy} v1.24 {Manual}},
	url = {https://numpy.org/doc/stable/reference/generated/numpy.hanning.html},
	urldate = {2023-02-07},
	file = {numpy.hanning — NumPy v1.24 Manual:C\:\\Users\\SCU8BH\\Zotero\\storage\\65F33M93\\numpy.hanning.html:text/html},
}

@article{lokesh_speech_2019,
	title = {Speech recognition system using enhanced mel frequency cepstral coefficient with windowing and framing method},
	volume = {22},
	issn = {1386-7857, 1573-7543},
	url = {http://link.springer.com/10.1007/s10586-017-1447-6},
	doi = {10.1007/s10586-017-1447-6},
	language = {en},
	number = {S5},
	urldate = {2023-02-07},
	journal = {Cluster Computing},
	author = {Lokesh, S. and Devi, M. Ramya},
	month = sep,
	year = {2019},
	keywords = {MFCC, Pre-Processing, Framing, Windowing},
	pages = {11669--11679},
}

@article{atal_effectiveness_1974,
	title = {Effectiveness of linear prediction characteristics of the speech wave for automatic speaker identification and verification},
	volume = {55},
	issn = {0001-4966},
	url = {http://asa.scitation.org/doi/10.1121/1.1914702},
	doi = {10.1121/1.1914702},
	language = {en},
	number = {6},
	urldate = {2023-02-16},
	journal = {The Journal of the Acoustical Society of America},
	author = {Atal, B. S.},
	month = jun,
	year = {1974},
	keywords = {LPCC},
	pages = {1304--1312},
}

@incollection{canela_multiple_2019,
	address = {Cham},
	title = {Multiple {Regression}},
	isbn = {978-3-030-17553-5 978-3-030-17554-2},
	url = {http://link.springer.com/10.1007/978-3-030-17554-2_4},
	language = {en},
	urldate = {2023-02-17},
	booktitle = {Quantitative {Methods} for {Management}},
	publisher = {Springer International Publishing},
	author = {Canela, Miguel  Ángel and Alegre, Inés and Ibarra, Alberto},
	collaborator = {Canela, Miguel Ángel and Alegre, Inés and Ibarra, Alberto},
	year = {2019},
	doi = {10.1007/978-3-030-17554-2_4},
	keywords = {Multiple Regression},
	pages = {37--45},
}

@article{marple_new_1980,
	title = {A new autoregressive spectrum analysis algorithm},
	volume = {28},
	issn = {0096-3518},
	url = {http://ieeexplore.ieee.org/document/1163429/},
	doi = {10.1109/TASSP.1980.1163429},
	language = {en},
	number = {4},
	urldate = {2023-02-17},
	journal = {IEEE Transactions on Acoustics, Speech, and Signal Processing},
	author = {Marple, L.},
	month = aug,
	year = {1980},
	pages = {441--454},
}

@incollection{sidorov_text-independent_2010,
	address = {Berlin, Heidelberg},
	title = {Text-{Independent} {Speaker} {Identification} {Using} {VQ}-{HMM} {Model} {Based} {Multiple} {Classifier} {System}},
	volume = {6438},
	isbn = {978-3-642-16772-0 978-3-642-16773-7},
	url = {http://link.springer.com/10.1007/978-3-642-16773-7_10},
	urldate = {2023-01-23},
	booktitle = {Advances in {Soft} {Computing}},
	publisher = {Springer Berlin Heidelberg},
	author = {Zulfiqar, Ali and Muhammad, Aslam and Martinez-Enriquez, Ana Maria and Escalada-Imaz, G.},
	editor = {Sidorov, Grigori and Hernández Aguirre, Arturo and Reyes García, Carlos Alberto},
	year = {2010},
	doi = {10.1007/978-3-642-16773-7_10},
	note = {Series Title: Lecture Notes in Computer Science},
	keywords = {HMM, LPC, MFCC, unused, Vector Quantization},
	pages = {116--125},
	file = {Zulfiqar et al. - 2010 - Text-Independent Speaker Identification Using VQ-H.pdf:C\:\\Users\\SCU8BH\\Zotero\\storage\\GBRNZ6B7\\Zulfiqar et al. - 2010 - Text-Independent Speaker Identification Using VQ-H.pdf:application/pdf},
}
